@book{mioto99,
	author    = {Carlos Mioto and Maria Cristina Figueiredo Silva
	             and Ruth Elisabeth Vasconcellos Lopes},
	title     = {Manual de Sintaxe},
	publisher = {Insular},
	address   = {Florian\'opolis},
	year      = {1999}
}

@article{johnson97,
	author   = {David Johnson and Shalom Lappin},
	doi      = {10.1023/A:1005328611460},
	journal  = {Linguistics and Philosophy},
	keywords = {linguistics, minimalism},
	month    = {June},
	number   = {3},
	pages    = {273--333},
	priority = {0},
	title    = {A Critique of the Minimalist Program},
	url      = {http://dx.doi.org/10.1023/A:1005328611460},
	volume   = {20},
	year     = {1997}
}


@book{jackendoff97,
	author    = {Ray Jackendoff},
	title     = {The Architecture of the Language Faculty},
	year      = {1997},
	address   = {Cambridge, MA},
	publisher = {MIT Press}
}

@book{borsley96,
	author    = {Robert D. Borsley},
	number    = {11},
	publisher = {Blackwell Publishers},
	series    = {Blackwell Textbooks in Linguistics},
	title     = {Modern Phrase Structure Grammar},
	year      = {1996}
}

@article{carpenter91,
	author    = {Bob Carpenter},
	title     = {The Generative Power of {C}ategorial {G}rammars and {H}ead-{D}riven {P}hrase
	             {S}tructure {G}rammars with Lexical Rules},
	journal   = {Computational Linguistics},
	volume    = {17},
	number    = {3},
	year      = {1991},
	issn      = {0891-2017},
	pages     = {301--313},
	publisher = {MIT Press}
}

@book{lyons81,
	author    = {John Lyons},
	title     = {Lingua(gem) e Ling\"{u}\'istica: uma introdu\c{c}\~ao}, 
	publisher = {Zahar},
	address   = {Rio de Janeiro},
	year      = {1981}
}

@book{chomsky65,
	author    = {Noam Chomsky},
	title     = {Aspects of the Theory of Syntax},
	publisher = {MIT Press},
	address   = {Cambridge, MA},
	year      = {1965}
}

@book{chomsky57,
	author    = {Noam Chomsky},
	title     = {Syntatic Structures},
	publisher = {MIT Press},
	address   = {Cambridge, MA},
	year      = {1957}
}

@book{saussure16,
	author    = {Ferdinand de Saussure},
	title     = {Cours de Linguistique G\'en\'erale},
	note      = {\'Edition critique pr\'epar\'ee par {T}ullio de {M}auro},
	publisher = {Payot},
	address   = {Paris},
	year      = {1916}
}

@MISC{NBRISO19011,
    author = {},
    title = {NBR ISO 19011},
    year = {2002}
}

@book{SOX-cobit,
	author    = {Christian B. Peterson},
	title     = {Sarbanes-Oxley - Conformidade TI usando COBIT e ferramentas Open Source},
	note      = {tradução de Aldir José Coelho},
	publisher = {AltaBooks},
	address   = {RIo de Janeiro, RJ},
	year      = {2006}
}

@book{auditoria,
	author    = {Alessandro Mantti},
	title     = {Auditoria de sistemas - Curso pratico},
	publisher = {Ciencia Moderna},
	year      = {2010}
}


@MISC{Cobit-4.1,
	author    = {IT Governance Institute},
	title     = {COBIT 4.1 Executive Summary}
}

@MISC{ITIL-Overview,
	author    = {ITSMF UK},
	title     = {An Introductory Overview of ITIL 2011},
	year      = {2011}
}

@MISC{SOX,
	author    = {Jhon P. Sarbanes and Mark Oxley},
	title     = {Sarbannes-Oxley Act of 2002},
	year      = {2002}
}

@book{Weill-Ross,
	author    = {Peter Weil and Jeanne W. Ross},
	title     = {Governança de TI, Tecnologia da Informação},
	note      = {tradução de Roger Maioli dos Santos},
	publisher = {MBooks do Brasil},
	address   = {São Paulo},
	year      = {2006}
}

@book{Fernandes-Abreu,
	author    = {Aguinaldo Aragon Fernandes and Vladimir Ferraz de Abreu},
	title     = {Implantando a Governança de TI: da estratégia à gestão  dos processos  e serviços},
	address   = {RIo de Janeiro},
	year      = {2012}
}

@MISC{RISK-Academy,
	author    = {ANDY},
	title     = {IS Risk Academy},
}

@MISC{SOX-ITGC,
	author    = {Arvind Mehta},
	title     = {An Approach Toward Sarbanes-Oxley ITGC Risk Assessment},
	year      = {2010}
}

@MISC{CMMI,
	author    = {Paulo Ricardo Motta Gomes and Renato Miceli Costa Ribeiro},
	title     = {Introdução a CMMI},
	year      = {2008}
}

@article{SHARED-UNDERSTANDING,
    author = {Eva Alice Christiane Bittner and Jan Marco Leimeister},
    title = {Creating Shared Understanding in Heterogeneous Work Groups: Why It Matters and How to Achieve It},
    publisher = {Journal of Management Information Systems, volume 31, number 1},
    year = {2014}
}

@article{ESTUDO-EMPIRICO,
    author = {Guilherme Lerch Lunardi},
    title = {Um Estudo Empírico e Analítico do Impacto da Governança de TI no Desempenho Organizacional}
    year = {2008}
}

@article{WEILL,
    author = {Peter Weill and Margarethe Olson},
    title = {M. Managing investment in information technology: mini casevexamples and implications.},
    publisher = {MIS Quarterly, v. 13, n. 1, p. 3-17},
    year = {1989}
}

@article{LIN,
    author = {Chad Lin and Graham Pervan}
    title = {A Review of IS/IT Investment Evaluation and Benefits Management
Issues, Problems and Processes.},
    publisher = {GREMBERGEN, W. Information Technology Evaluation
Methods and Management, Hershey: Idea Publishing Group, p. 2-24},
    year = {2001}
}

@article{DEHAES2005,
    author = {Steven de Haes e Wim Van Grembergen},
    published = {Proceedings of the 38th Annual Hawaii International Conference on System Sciences},
    publisher = {IEEE},
    doi = {10.1109/HICSS.2005.362}
    year = {2015},
}

@article{VERHOEFF,
    author = {C. Verhoeff},
    title = {Quantifying the effects of IT-governance rules},
    published = {Science of computer programming [0167-6423]},
    year = {2007},
    volume = {67}
    iss = {2}
    page = {247-277}
}

@article{Abbad_2007,
    author = {Gardênia da Silva Abbad}
    title = {Educação a Distância: O Estado da Arte e o Futuro Necessário},
    publisher = {Revista do Serviço Público},
    volume = {58}
    year = {2007}
}

@unpublished{Mendonça_2013
    author = {Anna Carollina Gomes Mendonça},
    title = {Interfaces entre Educação e Educação Corporativa: Análise Documenal do projeto pedagógico de uma Universidade Corporativa},
    note = {Trabalho de conclusão de curso de Licenciatura em Pedagogia, Orientação da professora Dra. Nara Maria Pimentel}
}

@article{Albertin_Brauer_2012,
    author = {Alberto Luiz  Albertin and Marcus Brauer}
    title = {Resistencia à educação a distância na educação corporativa},
    publisher = {Revista do Serviço Público},
    year = {2012}
}

@article{Freitas_Albuquerque_2014,
    author = {Carolina Aparecida de Freitas-Dias and Lindolfo Galvão de Albuquerque}
    title = {Panorama da Avaliação de Resultados em Educação Corporativa no Brasil},
    publisher = {Revista de Administração FACES Journal},
    vol={13},
    year = {2014}
}

@site{ITGI,
    author = {ITGI},
    title = {Board briefing on IT governance},
    published = {IT Governance Institute},
    edition = {2},
    year {2003},
    site = 
}

@article{HARDY,
    author = {Gary Hardy},
    title = {Using IT governance and COBIT to deliver value with IT and respond to legal,
regulatory and compliance challenges},
    published = {Information Security technical report},
    pages = {55-61},
    year = {2006}
}

@article{PETERSON,
    author = {Ryan R. Peterson},
    title = {Integration strategies and tactics for information technology governance},
    from = {GREMBERGEN, W. Information Technology Evaluation Methods and Management, Hershey: Idea Publishing Group, p. 2-24},
    year = {2004}
}

@book{Delors_2005,
	author    = {Jacques Delors},
	title     = {A Educação para o Século XXI Questões e Perspectivas},
	publisher   = {Artmed Editora},
	year      = {2005}
}

@book{Moore_Kearsley_2005,
	author    = {Michael G. Moore and Greg Kearsley},
	title     = {Distance Education: a Systems View},
	publisher   = {Wadsworth Pub. Co.},
	year      = {2005}
}

@article{Nunes_1994,
    author = {Ivônio Barros Nunes}
    title = {Noções de Educação a Distância},
    publisher = {Revista Educação a Distância},
    number={4/5},
    year = {1994}
}

@book{Armengol_1987,
	author    = {Miguel Casas Armengol},
	title     = {Universidad Sin Classes: Educación a Distancia en América Latina},
	publisher   = {Caracas, Universidad Nacional Abierta},
	year      = {1987}
}

@site{PORTALADM,
    site = {http://www.portal-administracao.com/2014/10/cultura-organizacional-conceito-aspectos.html},
    year = {2014},
    access = {June, 7th, 2016},
}

@site{FDC,
    site = {http://www.fdc.org.br/blogexecutivemba/Lists/Postagens/Post.aspx?ID=365},
    year = {2015},
    author = {Reinaldo T. F. Lucas},
    access = {June, 7th, 2016}
}

@book{CHIAVENATO,
    author = {Idalberto Chiavenato},
    year = {2000},
    title = {Introdução à teoria geral da administração},
    edition = {2],
    publisher = {Campus},
    address = {Rio de Janeiro}
}

@law{9472,
    law = {9472/1997},
    title = {Lei Geral das Telecomunicações}
    publisher = {Diário Oficial},
    address = {Brasília},
    year = {1997}
}

@article{Sortica,
    author = {Eduardo Sortica e Alexandre Graeml},
    title = {Critérios de Efetividade da Governança de TI: o Caso de uma Empresa Brasileira do Setor de Telecomunicações},
    publisher = {II Encontro de Administração da Informação},
    year = {2009},
    address = {Recife}
}

@book{Meister_1999,
    author = {Jeanne C. Meister},
    year = {1999},
    title = {Educação Corporativa: a Gestão do Capital Intelectual Atraves das Universidades Corporativas},
    publisher = {Makron Books}

}

@article{exploringit,
    author = {Bruce Rowlands, Steven de Haes and Wim Van Grembergen},
    year = {2014},
    publisher = {35th international conference on Information Systems},
    address = {Auckland},
}

@booklet{Allen_2002,
    author = {Mark Allen},
    year = {2002},
    title = {The Corporate University Handbook: Designing, Managing, and Growing a Successful Program}

}

@article{Vergara_2000,
    author = {Sylvia Constant Vergara}
    title = {Universidade Corporativa: a Parceria Possível Entre Empresa e Universidade Tradicional},
    publisher = {Revista de Administração Pública},
    number={34},
    year = {2000}
}

@inbook{Eboli_2002,
    author = {Marisa Eboli}
    title = {O Desenvolvimento das Pessoas e a Educação corporativa},
    Note = {in: As Pessoas Na Organização}
    Editor = {Maria Tereza Leme Fleury},
    publisher={Editora Gente},
    year = {2002}
}

@book{Eboli_2004,
    author = {Marisa Eboli},
    year = {2004},
    title = {Educação Corporativa no Brasil Mitos e Verdades},
    publisher = {Editora Gente}

}

@article{Mathias_Santos_2014,
    author = {Emmily Flügel Mathias and Gilberto Lacerda Santos}
    title = {As comunidades virtuais como instrumentos de educação corporativa: estudo de caso no Tribunal de Contas da União},
    publisher = {Revista do Serviço Público},
    number={65},
    year = {2014}
}

@article{Allen_2010,
    author = {Mark Allen}
    title = {Corporate Universities 2010: Globaliztion and Greater Sophistication},
    publisher = {The Journal of Internaional Management Studies},
    number={5},
    year = {2010}
}

